@book{datalakehouse2022,
  title     = {Data Lakehouse in Action},
  author    = {Pradeep Menon},
  publisher = {Packt Publishing Pvt Ltd},
  year      = {2022}
}

@misc{deltalake2023,
  title        = {{What is Delta Lake?}},
  author       = {Microsoft},
  howpublished = {\url{https://learn.microsoft.com/en-us/azure/databricks/delta/}},
  year         = {2023}
}

@book{spark2020,
  title     = {Learning Spark: Lightning-Fast Data Analytics},
  author    = {Jules S. Damji and Brooke Wenig and Tathagata Das and Denny Lee},
  publisher = {O'Reilly Media},
  year      = {2020}
}

@misc{dimensionalmodel2023,
  title        = {{What is Dimensional Modeling in Data Warehouse? Learn Types}},
  autor        = {David Taylor},
  howpublished = {\url{https://www.guru99.com/dimensional-model-data-warehouse.html}},
  year         = {2023}
}

@misc{simplelakehouse2023,
  title        = {{Simple Lakehouse}},
  author       = {Ivan DerdiÄ‡},
  year         = {2023},
  howpublished = {\textattachfile{code/simple_lakehouse.py}{\textcolor{cyan}{\texttt{simple\_lakehouse.py}}}}
}
